<record xmlns="http://www.loc.gov/MARC21/slim" xmlns:xsi="http://www.w3.org/2001/XMLSchema-instance" xsi:schemaLocation="http://www.loc.gov/MARC21/slim http://www.loc.gov/standards/marcxml/schema/MARC21slim.xsd"><leader>     nam a22        4500</leader><controlfield tag="001">3080117</controlfield><controlfield tag="003">NNC</controlfield><controlfield tag="006">m        d        </controlfield><controlfield tag="007">cr cn |||m|||a</controlfield><controlfield tag="008">150318s1930    ua      ob    000 0dara d</controlfield><datafield ind1=" " ind2=" " tag="040"><subfield code="a">NNU</subfield><subfield code="b">eng</subfield><subfield code="e">rda</subfield><subfield code="c">NNU</subfield></datafield><datafield ind1="1" ind2=" " tag="100"><subfield code="6">880-01</subfield><subfield code="a">Qast&#803;alla&#772;ni&#772;, Muh&#803;ammad ibn Ah&#803;mad,</subfield><subfield code="d">1217 or 1218-1287 or 1288.</subfield></datafield><datafield ind1="1" ind2="0" tag="245"><subfield code="6">880-02</subfield><subfield code="a">Mara&#772;s&#803;id al-s&#803;ala&#772;h fi&#772; maqa&#772;s&#803;id al-s&#803;ala&#772;h /</subfield><subfield code="c">li-Qut&#803;b al-Di&#772;n al-Qast&#803;alla&#772;ni&#772; ; &#699;uniya bi-d&#803;abt&#803;ihi wa-al-ta&#699;li&#772;q &#699;alayhi Rad&#803;wa&#772;n Muh&#803;ammad Rad&#803;wa&#772;n.</subfield></datafield><datafield ind1=" " ind2=" " tag="260"><subfield code="c">[1930]</subfield></datafield><datafield ind1=" " ind2=" " tag="300"><subfield code="a">online resource (199 pages)</subfield></datafield><datafield ind1=" " ind2=" " tag="336"><subfield code="a">text</subfield><subfield code="2">rdacontent</subfield></datafield><datafield ind1=" " ind2=" " tag="337"><subfield code="a">computer</subfield><subfield code="2">rdamedia</subfield></datafield><datafield ind1=" " ind2=" " tag="338"><subfield code="a">online resource</subfield><subfield code="2">rdacarrier</subfield></datafield><datafield ind1=" " ind2=" " tag="500"><subfield code="a">Part of the Arabic Collections Online (ACO) project, contributed by Columbia University Libraries.</subfield></datafield><datafield ind1=" " ind2=" " tag="504"><subfield code="a">Includes bibliographical references.</subfield></datafield><datafield ind1=" " ind2=" " tag="533"><subfield code="a">Electronic reproduction.</subfield><subfield code="b">New York, N.Y. :</subfield><subfield code="c">New York University,</subfield><subfield code="d">2015.</subfield><subfield code="5">NNU</subfield></datafield><datafield ind1=" " ind2="0" tag="650"><subfield code="a">Prayer</subfield><subfield code="x">Islam.</subfield></datafield><datafield ind1=" " ind2="7" tag="650"><subfield code="a">Prayer</subfield><subfield code="x">Islam.</subfield><subfield code="2">fast</subfield><subfield code="0">(OCoLC)fst01074698</subfield></datafield><datafield ind1="1" ind2=" " tag="700"><subfield code="6">880-03</subfield><subfield code="a">Rad&#803;wa&#772;n, Rad&#803;wa&#772;n Muh&#803;ammad.</subfield></datafield><datafield ind1="2" ind2=" " tag="710"><subfield code="a">Columbia University.</subfield><subfield code="b">Libraries.</subfield></datafield><datafield ind1="0" ind2=" " tag="730"><subfield code="a">Arabic Collections Online.</subfield></datafield><datafield ind1="0" ind2="8" tag="776"><subfield code="i">Print version:</subfield><subfield code="a">Qast&#803;alla&#772;ni&#772;, Muh&#803;ammad ibn Ah&#803;mad, 1217 or 1218-1287 or 1288.</subfield><subfield code="t">Mara&#772;s&#803;id al-s&#803;ala&#772;h fi&#772; maqa&#772;s&#803;id al-s&#803;ala&#772;h</subfield><subfield code="w">(NNC)3080117</subfield><subfield code="w">(OCoLC)34166060</subfield></datafield><datafield ind1="4" ind2="0" tag="856"><subfield code="u">http://hdl.handle.net/2333.1/ffbg7cpm</subfield></datafield><datafield ind1="1" ind2=" " tag="880"><subfield code="6">100-01</subfield><subfield code="a">&#1602;&#1587;&#1591;&#1604;&#1575;&#1606;&#1610;&#1548; &#1605;&#1581;&#1605;&#1583; &#1576;&#1606; &#1575;&#1581;&#1605;&#1583;&#1548;</subfield><subfield code="d">1217 or 1218-1287 or 1288.</subfield></datafield><datafield ind1="1" ind2="0" tag="880"><subfield code="6">245-02</subfield><subfield code="a">&#1605;&#1585;&#1575;&#1589;&#1583; &#1575;&#1604;&#1589;&#1604;&#1575;&#1607; &#1601;&#1610; &#1605;&#1602;&#1575;&#1589;&#1583; &#1575;&#1604;&#1589;&#1604;&#1575;&#1607; /</subfield><subfield code="c">&#1604;&#1602;&#1591;&#1576; &#1575;&#1604;&#1583;&#1610;&#1606; &#1575;&#1604;&#1602;&#1587;&#1591;&#1604;&#1575;&#1606;&#1610; &#1563; &#1593;&#1606;&#1610; &#1576;&#1590;&#1576;&#1591;&#1607; &#1608;&#1575;&#1604;&#1578;&#1593;&#1604;&#1610;&#1602; &#1593;&#1604;&#1610;&#1607; &#1585;&#1590;&#1608;&#1575;&#1606; &#1605;&#1581;&#1605;&#1583; &#1585;&#1590;&#1608;&#1575;&#1606;.</subfield></datafield><datafield ind1="1" ind2=" " tag="880"><subfield code="6">700-03</subfield><subfield code="a">&#1585;&#1590;&#1608;&#1575;&#1606;&#1548; &#1585;&#1590;&#1608;&#1575;&#1606; &#1605;&#1581;&#1605;&#1583;.</subfield></datafield><datafield ind1=" " ind2=" " tag="959"><subfield code="a">NNU</subfield><subfield code="b">WEB</subfield><subfield code="c">GENI</subfield><subfield code="t">0</subfield><subfield code="m">Electronic access</subfield><subfield code="s">01</subfield></datafield><datafield ind1=" " ind2=" " tag="999"><subfield code="i">NNC_3080117</subfield><subfield code="o">(OCoLC)ocm34166060</subfield><subfield code="e">(ERROR-880)</subfield><subfield code="s">columbia_aco000353</subfield></datafield></record>